<collection xmlns="http://www.loc.gov/MARC21/slim">
<record>
  <leader>00985nam0a2200229 i 450 </leader>
  <controlfield tag="001">IT\ICCU\CNCE\073973</controlfield>
  <controlfield tag="005">20130406000000.0</controlfield>
  <datafield tag="012" ind1=" " ind2=" ">
    <subfield code="a">a.ta toto ta++ cooc (C) 1545 (R)</subfield>
    <subfield code="2">fei</subfield>
  </datafield>
  <datafield tag="100" ind1=" " ind2=" ">
    <subfield code="a">20090514d1545        0itac0103    ba</subfield>
  </datafield>
  <datafield tag="101" ind1=" " ind2=" ">
    <subfield code="a">ITA</subfield>
  </datafield>
  <datafield tag="102" ind1=" " ind2=" ">
    <subfield code="a">IT</subfield>
  </datafield>
  <datafield tag="200" ind1="1" ind2=" ">
    <subfield code="a">Battaglia grammaticale volgare in ottaua rima tradutta, per Minicutio Rubeo da Monte Granaro. Cosa utile, &amp; da molto piacere, non mai pi ̮uista</subfield>
  </datafield>
  <datafield tag="210" ind1=" " ind2=" ">
    <subfield code="a">Stampata in Venetia</subfield>
    <subfield code="c">a instantia del Faentino</subfield>
    <subfield code="d">1545</subfield>
  </datafield>
  <datafield tag="215" ind1=" " ind2=" ">
    <subfield code="a">\16! c.</subfield>
    <subfield code="d">4ʻ</subfield>
  </datafield>
  <datafield tag="620" ind1=" " ind2=" ">
    <subfield code="a">IT</subfield>
    <subfield code="d">Venezia</subfield>
  </datafield>
  <datafield tag="700" ind1=" " ind2="1">
    <subfield code="a">Rubeo,</subfield>
    <subfield code="b">Menicuccio</subfield>
    <subfield code="3">IT\ICCU\CNCA\009861</subfield>
  </datafield>
  <datafield tag="712" ind1="0" ind2="0">
    <subfield code="a">Faentino, Romano</subfield>
    <subfield code="3">IT\ICCU\CNCT\001336</subfield>
    <subfield code="4">650</subfield>
  </datafield>
  <datafield tag="790" ind1=" " ind2="1">
    <subfield code="a">Rubeo,</subfield>
    <subfield code="b">Menicutio</subfield>
    <subfield code="3">IT\ICCU\CNCA\024164</subfield>
    <subfield code="z">Rubeo, Menicuccio</subfield>
  </datafield>
  <datafield tag="790" ind1=" " ind2="1">
    <subfield code="a">Rossi,</subfield>
    <subfield code="b">Menicuccio</subfield>
    <subfield code="3">IT\ICCU\CNCA\024329</subfield>
    <subfield code="z">Rubeo, Menicuccio</subfield>
  </datafield>
  <datafield tag="791" ind1="0" ind2="2">
    <subfield code="a">Romano detto il Faentino</subfield>
    <subfield code="3">IT\ICCU\CNCT\005179</subfield>
    <subfield code="z">Faentino, Romano</subfield>
  </datafield>
  <datafield tag="801" ind1=" " ind2="3">
    <subfield code="a">IT</subfield>
    <subfield code="b">ICCU</subfield>
    <subfield code="c">20201115</subfield>
  </datafield>
  <datafield tag="899" ind1=" " ind2=" ">
    <subfield code="a">Archivio storico civico e Biblioteca Trivulziana. Milano</subfield>
    <subfield code="1">MI0327</subfield>
    <subfield code="2">LO1 13</subfield>
  </datafield>
</record>
</collection>
